@ARTICLE{Wallace2019,
       author = {{Wallace}, Spencer C. and {Quinn}, Thomas R.},
        title = "{N-body simulations of terrestrial planet growth with resonant dynamical friction}",
      journal = {\mnras},
     keywords = {methods: numerical, planets and satellites: formation, Astrophysics - Earth and Planetary Astrophysics},
         year = "2019",
        month = "Oct",
       volume = {489},
       number = {2},
        pages = {2159-2176},
          doi = {10.1093/mnras/stz2284},
archivePrefix = {arXiv},
       eprint = {1810.07201},
 primaryClass = {astro-ph.EP},
       adsurl = {https://ui.adsabs.harvard.edu/abs/2019MNRAS.489.2159W},
      adsnote = {Provided by the SAO/NASA Astrophysics Data System}
}

@ARTICLE{Hayashi1977,
       author = {{Hayashi}, C. and {Nakazawa}, K. and {Adachi}, I.},
        title = "{Long-Term Behavior of Planetesimals and the Formation of the Planets}",
      journal = {\pasj},
         year = 1977,
        month = jan,
       volume = {29},
        pages = {163-196},
       adsurl = {https://ui.adsabs.harvard.edu/abs/1977PASJ...29..163H},
      adsnote = {Provided by the SAO/NASA Astrophysics Data System}
}